<?xml version="1.0" encoding="UTF-8"?><collection xmlns="http://www.loc.gov/MARC21/slim"><record><leader>00539nam--2200193-i-4500</leader><controlfield tag="001">000024318</controlfield><controlfield tag="002">20161230</controlfield><controlfield tag="005">20161230201035</controlfield><controlfield tag="008">060222s1000------------r-----000-0-rus-d</controlfield><datafield ind1=" " ind2=" " tag="040"><subfield code="a">IFIN-HH</subfield></datafield><datafield ind1=" " ind2=" " tag="041"><subfield code="a">rus</subfield></datafield><datafield ind1=" " ind2=" " tag="080"><subfield code="a">539.144.6(083.3)</subfield></datafield><datafield ind1="1" ind2=" " tag="100"><subfield code="a">Laniko, Z.V</subfield></datafield><datafield ind1="1" ind2="0" tag="245"><subfield code="a">Veroiatnosti elektromagnitnih perehodov atomnih iader z - 1 - 30</subfield><subfield code="c">Z.v. laniko, g.s. dombrovoskaia, yu.k. subnii</subfield></datafield><datafield ind1=" " ind2=" " tag="260"><subfield code="a">Leningrad</subfield><subfield code="b">Nauka</subfield><subfield code="c">1972</subfield></datafield><datafield ind1=" " ind2=" " tag="300"><subfield code="a">702P</subfield></datafield><datafield ind1="1" ind2=" " tag="700"><subfield code="a">Subnii, Yu.K</subfield></datafield><datafield ind1=" " ind2=" " tag="852"><subfield code="a">36524</subfield><subfield code="c">539.14</subfield></datafield><datafield ind1=" " ind2=" " tag="CAT"><subfield code="a">Sys</subfield><subfield code="c">20120328</subfield><subfield code="h">132648</subfield></datafield></record></collection>